[gd_scene load_steps=10 format=2]

[ext_resource path="res://assets/textures/board_item_bg.png" type="Texture" id=1]
[ext_resource path="res://controls/BoardItem.gd" type="Script" id=2]
[ext_resource path="res://Teko-SemiBold.ttf" type="DynamicFontData" id=3]
[ext_resource path="res://assets/textures/dropdown_item_bg.png" type="Texture" id=4]
[ext_resource path="res://assets/textures/w40/ad.png" type="Texture" id=5]

[sub_resource type="DynamicFont" id=2]
size = 30
extra_spacing_top = 3
font_data = ExtResource( 3 )

[sub_resource type="DynamicFont" id=3]
size = 28
extra_spacing_top = 3
font_data = ExtResource( 3 )

[sub_resource type="DynamicFont" id=4]
size = 22
extra_spacing_top = 3
font_data = ExtResource( 3 )

[sub_resource type="DynamicFont" id=5]
size = 60
font_data = ExtResource( 3 )

[node name="Control" type="TextureRect"]
margin_right = 732.0
margin_bottom = 87.0
rect_min_size = Vector2( 708, 87 )
size_flags_vertical = 3
texture = ExtResource( 1 )
expand = true
stretch_mode = 1
script = ExtResource( 2 )

[node name="Team" type="Label" parent="."]
margin_left = 199.0
margin_top = 6.0
margin_right = 695.0
margin_bottom = 53.0
size_flags_horizontal = 3
custom_colors/font_color = Color( 0, 0, 0, 1 )
custom_constants/line_spacing = 0
custom_fonts/font = SubResource( 2 )
text = "FC. 0000"
clip_text = true
uppercase = true

[node name="Coach" type="Label" parent="."]
margin_left = 199.0
margin_top = 37.0
margin_right = 693.0
margin_bottom = 81.0
custom_colors/font_color = Color( 0.427451, 0.427451, 0.427451, 1 )
custom_constants/line_spacing = 0
custom_fonts/font = SubResource( 3 )
text = "COACH 0000"
clip_text = true
uppercase = true

[node name="Points" type="Label" parent="."]
anchor_left = 1.0
anchor_right = 1.0
margin_left = -176.0
margin_top = 37.0
margin_right = -44.0
margin_bottom = 81.0
custom_colors/font_color = Color( 0.427451, 0.427451, 0.427451, 1 )
custom_constants/line_spacing = 0
custom_fonts/font = SubResource( 3 )
text = "0000"
align = 2
autowrap = true
uppercase = true

[node name="Pts" type="Label" parent="."]
anchor_left = 1.0
anchor_right = 1.0
margin_left = -79.0
margin_top = 13.0
margin_right = -44.0
margin_bottom = 49.0
custom_colors/font_color = Color( 0, 0, 0, 1 )
custom_constants/line_spacing = 0
custom_fonts/font = SubResource( 4 )
text = "pts"
align = 2
autowrap = true

[node name="Rank" type="Label" parent="."]
margin_left = 15.0
margin_top = 6.0
margin_right = 184.0
margin_bottom = 93.0
custom_colors/font_color = Color( 0, 0, 0, 1 )
custom_fonts/font = SubResource( 5 )
text = "01"
align = 1

[node name="FlagContainer" type="TextureRect" parent="."]
modulate = Color( 0.898039, 0.898039, 0.898039, 1 )
anchor_left = 1.0
anchor_right = 1.0
margin_left = -180.0
margin_top = 28.0
margin_right = -136.0
margin_bottom = 57.0
texture = ExtResource( 4 )
expand = true
stretch_mode = 1

[node name="Flag" type="TextureRect" parent="."]
anchor_left = 1.0
anchor_right = 1.0
margin_left = -180.0
margin_top = 29.0
margin_right = -136.0
margin_bottom = 56.0
texture = ExtResource( 5 )
expand = true
stretch_mode = 4
