[gd_scene load_steps=12 format=2]

[ext_resource path="res://controls/LeagueRound.gd" type="Script" id=1]
[ext_resource path="res://Teko-Light.ttf" type="DynamicFontData" id=2]
[ext_resource path="res://Teko-SemiBold.ttf" type="DynamicFontData" id=3]
[ext_resource path="res://controls/MyButton.gd" type="Script" id=4]
[ext_resource path="res://assets/textures/sbb_green.png" type="Texture" id=5]
[ext_resource path="res://Teko-Medium.ttf" type="DynamicFontData" id=6]

[sub_resource type="DynamicFont" id=1]
size = 60
font_data = ExtResource( 3 )

[sub_resource type="DynamicFont" id=2]
size = 32
extra_spacing_top = 14
font_data = ExtResource( 3 )

[sub_resource type="DynamicFont" id=3]
size = 28
font_data = ExtResource( 3 )

[sub_resource type="DynamicFont" id=4]
size = 24
extra_spacing_top = 18
font_data = ExtResource( 6 )

[sub_resource type="DynamicFont" id=5]
size = 24
font_data = ExtResource( 2 )

[node name="Control" type="VBoxContainer"]
self_modulate = Color( 0.443137, 0.180392, 0.180392, 1 )
show_behind_parent = true
anchor_right = 1.0
anchor_bottom = 1.0
margin_right = -115.0
rect_min_size = Vector2( 635, 0 )
size_flags_horizontal = 3
size_flags_vertical = 3
custom_constants/separation = 24
script = ExtResource( 1 )

[node name="Header" type="VBoxContainer" parent="."]
margin_right = 635.0
margin_bottom = 102.0
size_flags_horizontal = 3
size_flags_vertical = 5
custom_constants/separation = -20

[node name="Title" type="HBoxContainer" parent="Header"]
margin_right = 635.0
margin_bottom = 87.0
size_flags_horizontal = 3
custom_constants/separation = 24

[node name="Round" type="Label" parent="Header/Title"]
margin_right = 198.0
margin_bottom = 87.0
custom_colors/font_color = Color( 1, 1, 1, 1 )
custom_fonts/font = SubResource( 1 )
text = "ROUND 14"

[node name="Date" type="Label" parent="Header/Title"]
margin_left = 222.0
margin_top = 13.0
margin_right = 354.0
margin_bottom = 74.0
custom_fonts/font = SubResource( 2 )
text = "2022-05-26"
uppercase = true

[node name="Right" type="HBoxContainer" parent="Header/Title"]
margin_left = 378.0
margin_right = 635.0
margin_bottom = 87.0
size_flags_horizontal = 3
size_flags_vertical = 3
alignment = 2

[node name="Start" type="TextureButton" parent="Header/Title/Right"]
visible = false
margin_left = 132.0
margin_top = 19.0
margin_right = 257.0
margin_bottom = 67.0
size_flags_vertical = 4
texture_normal = ExtResource( 5 )
script = ExtResource( 4 )

[node name="Label" type="Label" parent="Header/Title/Right/Start"]
anchor_right = 1.0
anchor_bottom = 1.0
custom_fonts/font = SubResource( 3 )
text = "PLAY"
align = 1
valign = 1
uppercase = true

[node name="Countdown" type="Label" parent="Header/Title/Right"]
margin_top = 17.0
margin_right = 257.0
margin_bottom = 70.0
size_flags_horizontal = 3
custom_colors/font_color = Color( 1, 1, 1, 1 )
custom_fonts/font = SubResource( 4 )
text = "Kick off in"
align = 2

[node name="Subtitle" type="Label" parent="Header"]
margin_top = 67.0
margin_right = 635.0
margin_bottom = 102.0
size_flags_horizontal = 3
size_flags_vertical = 5
custom_colors/font_color = Color( 1, 1, 1, 1 )
custom_fonts/font = SubResource( 5 )

[node name="Container" type="GridContainer" parent="."]
margin_top = 126.0
margin_right = 635.0
margin_bottom = 1580.0
size_flags_horizontal = 3
size_flags_vertical = 3
custom_constants/vseparation = 32
custom_constants/hseparation = 54
columns = 2
