[gd_scene load_steps=26 format=2]

[ext_resource path="res://assets/textures/square_green.png" type="Texture" id=1]
[ext_resource path="res://controls/Shooter.gd" type="Script" id=2]
[ext_resource path="res://Teko-SemiBold.ttf" type="DynamicFontData" id=3]
[ext_resource path="res://controls/MyButton.gd" type="Script" id=4]
[ext_resource path="res://assets/textures/arrow_up_white.png" type="Texture" id=5]
[ext_resource path="res://assets/textures/ball.png" type="Texture" id=6]
[ext_resource path="res://assets/textures/goal_pitch.png" type="Texture" id=7]
[ext_resource path="res://assets/textures/ic_unlock.png" type="Texture" id=8]
[ext_resource path="res://assets/textures/gk.png" type="Texture" id=9]
[ext_resource path="res://assets/textures/gk_ball.png" type="Texture" id=10]

[sub_resource type="Animation" id=7]
length = 0.001
tracks/0/type = "value"
tracks/0/path = NodePath(".:texture")
tracks/0/interp = 1
tracks/0/loop_wrap = true
tracks/0/imported = false
tracks/0/enabled = true
tracks/0/keys = {
"times": PoolRealArray( 0 ),
"transitions": PoolRealArray( 1 ),
"update": 0,
"values": [ ExtResource( 9 ) ]
}
tracks/1/type = "bezier"
tracks/1/path = NodePath(".:rect_position:x")
tracks/1/interp = 1
tracks/1/loop_wrap = true
tracks/1/imported = false
tracks/1/enabled = true
tracks/1/keys = {
"points": PoolRealArray( 134, -0.25, 0, 0.25, 0 ),
"times": PoolRealArray( 0 )
}
tracks/2/type = "bezier"
tracks/2/path = NodePath(".:rect_position:y")
tracks/2/interp = 1
tracks/2/loop_wrap = true
tracks/2/imported = false
tracks/2/enabled = true
tracks/2/keys = {
"points": PoolRealArray( 48.5, -0.25, 0, 0.25, 0 ),
"times": PoolRealArray( 0 )
}

[sub_resource type="Animation" id=9]
resource_name = "move_center"
length = 0.8
tracks/0/type = "value"
tracks/0/path = NodePath(".:texture")
tracks/0/interp = 1
tracks/0/loop_wrap = true
tracks/0/imported = false
tracks/0/enabled = true
tracks/0/keys = {
"times": PoolRealArray( 0, 0.8 ),
"transitions": PoolRealArray( 1, 1 ),
"update": 1,
"values": [ ExtResource( 9 ), ExtResource( 10 ) ]
}
tracks/1/type = "bezier"
tracks/1/path = NodePath(".:rect_position:x")
tracks/1/interp = 1
tracks/1/loop_wrap = true
tracks/1/imported = false
tracks/1/enabled = true
tracks/1/keys = {
"points": PoolRealArray( 134, -0.25, 0, 0.25, 0, 134, -0.25, 0, 0.25, 0 ),
"times": PoolRealArray( 0, 0.8 )
}
tracks/2/type = "bezier"
tracks/2/path = NodePath(".:rect_position:y")
tracks/2/interp = 1
tracks/2/loop_wrap = true
tracks/2/imported = false
tracks/2/enabled = true
tracks/2/keys = {
"points": PoolRealArray( 48.5, -0.25, 0, 0.25, 0, 48.5, -0.25, 0, 0.25, 0 ),
"times": PoolRealArray( 0, 0.8 )
}

[sub_resource type="Animation" id=13]
resource_name = "move_center_no_ball"
length = 0.8
tracks/0/type = "value"
tracks/0/path = NodePath(".:texture")
tracks/0/interp = 1
tracks/0/loop_wrap = true
tracks/0/imported = false
tracks/0/enabled = true
tracks/0/keys = {
"times": PoolRealArray( 0, 0.8 ),
"transitions": PoolRealArray( 1, 1 ),
"update": 1,
"values": [ ExtResource( 9 ), ExtResource( 9 ) ]
}
tracks/1/type = "bezier"
tracks/1/path = NodePath(".:rect_position:x")
tracks/1/interp = 1
tracks/1/loop_wrap = true
tracks/1/imported = false
tracks/1/enabled = true
tracks/1/keys = {
"points": PoolRealArray( 134, -0.25, 0, 0.25, 0, 134, -0.25, 0, 0.25, 0 ),
"times": PoolRealArray( 0, 0.8 )
}
tracks/2/type = "bezier"
tracks/2/path = NodePath(".:rect_position:y")
tracks/2/interp = 1
tracks/2/loop_wrap = true
tracks/2/imported = false
tracks/2/enabled = true
tracks/2/keys = {
"points": PoolRealArray( 48.5, -0.25, 0, 0.25, 0, 48.5, -0.25, 0, 0.25, 0 ),
"times": PoolRealArray( 0, 0.8 )
}

[sub_resource type="Animation" id=8]
resource_name = "move_left"
length = 0.8
tracks/0/type = "value"
tracks/0/path = NodePath(".:texture")
tracks/0/interp = 1
tracks/0/loop_wrap = true
tracks/0/imported = false
tracks/0/enabled = true
tracks/0/keys = {
"times": PoolRealArray( 0, 0.8 ),
"transitions": PoolRealArray( 1, 1 ),
"update": 1,
"values": [ ExtResource( 9 ), ExtResource( 10 ) ]
}
tracks/1/type = "bezier"
tracks/1/path = NodePath(".:rect_position:x")
tracks/1/interp = 1
tracks/1/loop_wrap = true
tracks/1/imported = false
tracks/1/enabled = true
tracks/1/keys = {
"points": PoolRealArray( 134, -0.25, 0, 0.25, 0, 1, -0.25, 0, 0.25, 0 ),
"times": PoolRealArray( 0, 0.8 )
}
tracks/2/type = "bezier"
tracks/2/path = NodePath(".:rect_position:y")
tracks/2/interp = 1
tracks/2/loop_wrap = true
tracks/2/imported = false
tracks/2/enabled = true
tracks/2/keys = {
"points": PoolRealArray( 48.5, -0.25, 0, 0.25, 0, 48.5, -0.25, 0, 0.25, 0 ),
"times": PoolRealArray( 0, 0.8 )
}

[sub_resource type="Animation" id=14]
resource_name = "move_left_no_ball"
length = 0.8
tracks/0/type = "value"
tracks/0/path = NodePath(".:texture")
tracks/0/interp = 1
tracks/0/loop_wrap = true
tracks/0/imported = false
tracks/0/enabled = true
tracks/0/keys = {
"times": PoolRealArray( 0, 0.8 ),
"transitions": PoolRealArray( 1, 1 ),
"update": 1,
"values": [ ExtResource( 9 ), ExtResource( 9 ) ]
}
tracks/1/type = "bezier"
tracks/1/path = NodePath(".:rect_position:x")
tracks/1/interp = 1
tracks/1/loop_wrap = true
tracks/1/imported = false
tracks/1/enabled = true
tracks/1/keys = {
"points": PoolRealArray( 134, -0.25, 0, 0.25, 0, 1, -0.25, 0, 0.25, 0 ),
"times": PoolRealArray( 0, 0.8 )
}
tracks/2/type = "bezier"
tracks/2/path = NodePath(".:rect_position:y")
tracks/2/interp = 1
tracks/2/loop_wrap = true
tracks/2/imported = false
tracks/2/enabled = true
tracks/2/keys = {
"points": PoolRealArray( 48.5, -0.25, 0, 0.25, 0, 48.5, -0.25, 0, 0.25, 0 ),
"times": PoolRealArray( 0, 0.8 )
}

[sub_resource type="Animation" id=10]
resource_name = "move_right"
length = 0.8
tracks/0/type = "value"
tracks/0/path = NodePath(".:texture")
tracks/0/interp = 1
tracks/0/loop_wrap = true
tracks/0/imported = false
tracks/0/enabled = true
tracks/0/keys = {
"times": PoolRealArray( 0, 0.8 ),
"transitions": PoolRealArray( 1, 1 ),
"update": 1,
"values": [ ExtResource( 9 ), ExtResource( 10 ) ]
}
tracks/1/type = "bezier"
tracks/1/path = NodePath(".:rect_position:x")
tracks/1/interp = 1
tracks/1/loop_wrap = true
tracks/1/imported = false
tracks/1/enabled = true
tracks/1/keys = {
"points": PoolRealArray( 134, -0.25, 0, 0.25, 0, 268, -0.25, 0, 0.25, 0 ),
"times": PoolRealArray( 0, 0.8 )
}
tracks/2/type = "bezier"
tracks/2/path = NodePath(".:rect_position:y")
tracks/2/interp = 1
tracks/2/loop_wrap = true
tracks/2/imported = false
tracks/2/enabled = true
tracks/2/keys = {
"points": PoolRealArray( 48.5, -0.25, 0, 0.25, 0, 48.5, -0.25, 0, 0.25, 0 ),
"times": PoolRealArray( 0, 0.8 )
}

[sub_resource type="Animation" id=15]
resource_name = "move_right_no_ball"
length = 0.8
tracks/0/type = "value"
tracks/0/path = NodePath(".:texture")
tracks/0/interp = 1
tracks/0/loop_wrap = true
tracks/0/imported = false
tracks/0/enabled = true
tracks/0/keys = {
"times": PoolRealArray( 0, 0.8 ),
"transitions": PoolRealArray( 1, 1 ),
"update": 1,
"values": [ ExtResource( 9 ), ExtResource( 9 ) ]
}
tracks/1/type = "bezier"
tracks/1/path = NodePath(".:rect_position:x")
tracks/1/interp = 1
tracks/1/loop_wrap = true
tracks/1/imported = false
tracks/1/enabled = true
tracks/1/keys = {
"points": PoolRealArray( 134, -0.25, 0, 0.25, 0, 268, -0.25, 0, 0.25, 0 ),
"times": PoolRealArray( 0, 0.8 )
}
tracks/2/type = "bezier"
tracks/2/path = NodePath(".:rect_position:y")
tracks/2/interp = 1
tracks/2/loop_wrap = true
tracks/2/imported = false
tracks/2/enabled = true
tracks/2/keys = {
"points": PoolRealArray( 48.5, -0.25, 0, 0.25, 0, 48.5, -0.25, 0, 0.25, 0 ),
"times": PoolRealArray( 0, 0.8 )
}

[sub_resource type="Animation" id=2]
length = 0.001
tracks/0/type = "bezier"
tracks/0/path = NodePath("Arrow1:modulate:r")
tracks/0/interp = 1
tracks/0/loop_wrap = true
tracks/0/imported = false
tracks/0/enabled = true
tracks/0/keys = {
"points": PoolRealArray( 1, -0.25, 0, 0.25, 0 ),
"times": PoolRealArray( 0 )
}
tracks/1/type = "bezier"
tracks/1/path = NodePath("Arrow1:modulate:g")
tracks/1/interp = 1
tracks/1/loop_wrap = true
tracks/1/imported = false
tracks/1/enabled = true
tracks/1/keys = {
"points": PoolRealArray( 1, -0.25, 0, 0.25, 0 ),
"times": PoolRealArray( 0 )
}
tracks/2/type = "bezier"
tracks/2/path = NodePath("Arrow1:modulate:b")
tracks/2/interp = 1
tracks/2/loop_wrap = true
tracks/2/imported = false
tracks/2/enabled = true
tracks/2/keys = {
"points": PoolRealArray( 1, -0.25, 0, 0.25, 0 ),
"times": PoolRealArray( 0 )
}
tracks/3/type = "bezier"
tracks/3/path = NodePath("Arrow1:modulate:a")
tracks/3/interp = 1
tracks/3/loop_wrap = true
tracks/3/imported = false
tracks/3/enabled = true
tracks/3/keys = {
"points": PoolRealArray( 1, -0.25, 0, 0.25, 0 ),
"times": PoolRealArray( 0 )
}
tracks/4/type = "bezier"
tracks/4/path = NodePath("Arrow2:modulate:r")
tracks/4/interp = 1
tracks/4/loop_wrap = true
tracks/4/imported = false
tracks/4/enabled = true
tracks/4/keys = {
"points": PoolRealArray( 1, -0.25, 0, 0.25, 0 ),
"times": PoolRealArray( 0 )
}
tracks/5/type = "bezier"
tracks/5/path = NodePath("Arrow2:modulate:g")
tracks/5/interp = 1
tracks/5/loop_wrap = true
tracks/5/imported = false
tracks/5/enabled = true
tracks/5/keys = {
"points": PoolRealArray( 1, -0.25, 0, 0.25, 0 ),
"times": PoolRealArray( 0 )
}
tracks/6/type = "bezier"
tracks/6/path = NodePath("Arrow2:modulate:b")
tracks/6/interp = 1
tracks/6/loop_wrap = true
tracks/6/imported = false
tracks/6/enabled = true
tracks/6/keys = {
"points": PoolRealArray( 1, -0.25, 0, 0.25, 0 ),
"times": PoolRealArray( 0 )
}
tracks/7/type = "bezier"
tracks/7/path = NodePath("Arrow2:modulate:a")
tracks/7/interp = 1
tracks/7/loop_wrap = true
tracks/7/imported = false
tracks/7/enabled = true
tracks/7/keys = {
"points": PoolRealArray( 1, -0.25, 0, 0.25, 0 ),
"times": PoolRealArray( 0 )
}
tracks/8/type = "bezier"
tracks/8/path = NodePath("Arrow3:modulate:r")
tracks/8/interp = 1
tracks/8/loop_wrap = true
tracks/8/imported = false
tracks/8/enabled = true
tracks/8/keys = {
"points": PoolRealArray( 1, -0.25, 0, 0.25, 0 ),
"times": PoolRealArray( 0 )
}
tracks/9/type = "bezier"
tracks/9/path = NodePath("Arrow3:modulate:g")
tracks/9/interp = 1
tracks/9/loop_wrap = true
tracks/9/imported = false
tracks/9/enabled = true
tracks/9/keys = {
"points": PoolRealArray( 1, -0.25, 0, 0.25, 0 ),
"times": PoolRealArray( 0 )
}
tracks/10/type = "bezier"
tracks/10/path = NodePath("Arrow3:modulate:b")
tracks/10/interp = 1
tracks/10/loop_wrap = true
tracks/10/imported = false
tracks/10/enabled = true
tracks/10/keys = {
"points": PoolRealArray( 1, -0.25, 0, 0.25, 0 ),
"times": PoolRealArray( 0 )
}
tracks/11/type = "bezier"
tracks/11/path = NodePath("Arrow3:modulate:a")
tracks/11/interp = 1
tracks/11/loop_wrap = true
tracks/11/imported = false
tracks/11/enabled = true
tracks/11/keys = {
"points": PoolRealArray( 0, -0.25, 0, 0.25, 0 ),
"times": PoolRealArray( 0 )
}

[sub_resource type="Animation" id=3]
resource_name = "roll"
length = 0.9
loop = true
tracks/0/type = "bezier"
tracks/0/path = NodePath("Arrow1:modulate:a")
tracks/0/interp = 1
tracks/0/loop_wrap = true
tracks/0/imported = false
tracks/0/enabled = true
tracks/0/keys = {
"points": PoolRealArray( 1, -0.25, 0, 0.25, 0, 0, -0.25, 0, 0.25, 0 ),
"times": PoolRealArray( 0, 0.9 )
}
tracks/1/type = "bezier"
tracks/1/path = NodePath("Arrow2:modulate:a")
tracks/1/interp = 1
tracks/1/loop_wrap = true
tracks/1/imported = false
tracks/1/enabled = true
tracks/1/keys = {
"points": PoolRealArray( 0, -0.25, 0, 0.25, 0, 1, -0.25, 0, 0.25, 0, 0, -0.25, 0, 0.25, 0 ),
"times": PoolRealArray( 0, 0.5, 0.9 )
}
tracks/2/type = "bezier"
tracks/2/path = NodePath("Arrow3:modulate:a")
tracks/2/interp = 1
tracks/2/loop_wrap = true
tracks/2/imported = false
tracks/2/enabled = true
tracks/2/keys = {
"points": PoolRealArray( 0, -0.25, 0, 0.25, 0, 1, -0.25, 0, 0.25, 0 ),
"times": PoolRealArray( 0, 0.9 )
}

[sub_resource type="Animation" id=4]
length = 0.001
tracks/0/type = "value"
tracks/0/path = NodePath(".:rect_rotation")
tracks/0/interp = 1
tracks/0/loop_wrap = true
tracks/0/imported = false
tracks/0/enabled = true
tracks/0/keys = {
"times": PoolRealArray( 0 ),
"transitions": PoolRealArray( 1 ),
"update": 0,
"values": [ 0.0 ]
}
tracks/1/type = "bezier"
tracks/1/path = NodePath(".:rect_position:x")
tracks/1/interp = 1
tracks/1/loop_wrap = true
tracks/1/imported = false
tracks/1/enabled = true
tracks/1/keys = {
"points": PoolRealArray( 214, -0.25, 0, 0.25, 0 ),
"times": PoolRealArray( 0 )
}
tracks/2/type = "bezier"
tracks/2/path = NodePath(".:rect_position:y")
tracks/2/interp = 1
tracks/2/loop_wrap = true
tracks/2/imported = false
tracks/2/enabled = true
tracks/2/keys = {
"points": PoolRealArray( 448, -0.25, 0, 0.25, 0 ),
"times": PoolRealArray( 0 )
}
tracks/3/type = "bezier"
tracks/3/path = NodePath(".:rect_scale:x")
tracks/3/interp = 1
tracks/3/loop_wrap = true
tracks/3/imported = false
tracks/3/enabled = true
tracks/3/keys = {
"points": PoolRealArray( 1, -0.25, 0, 0.25, 0 ),
"times": PoolRealArray( 0 )
}
tracks/4/type = "bezier"
tracks/4/path = NodePath(".:rect_scale:y")
tracks/4/interp = 1
tracks/4/loop_wrap = true
tracks/4/imported = false
tracks/4/enabled = true
tracks/4/keys = {
"points": PoolRealArray( 1, -0.25, 0, 0.25, 0 ),
"times": PoolRealArray( 0 )
}

[sub_resource type="Animation" id=5]
resource_name = "rotate"
loop = true
tracks/0/type = "value"
tracks/0/path = NodePath(".:rect_rotation")
tracks/0/interp = 1
tracks/0/loop_wrap = true
tracks/0/imported = false
tracks/0/enabled = true
tracks/0/keys = {
"times": PoolRealArray( 0, 0.5, 1 ),
"transitions": PoolRealArray( 1, 1, 1 ),
"update": 0,
"values": [ 0.0, 180.0, 360.0 ]
}

[sub_resource type="Animation" id=11]
resource_name = "strike_center"
length = 0.8
tracks/0/type = "bezier"
tracks/0/path = NodePath(".:rect_position:x")
tracks/0/interp = 1
tracks/0/loop_wrap = true
tracks/0/imported = false
tracks/0/enabled = true
tracks/0/keys = {
"points": PoolRealArray( 214, -0.25, 0, 0.25, 0, 214, -0.25, 0, 0.25, 0 ),
"times": PoolRealArray( 0, 0.8 )
}
tracks/1/type = "bezier"
tracks/1/path = NodePath(".:rect_position:y")
tracks/1/interp = 1
tracks/1/loop_wrap = true
tracks/1/imported = false
tracks/1/enabled = true
tracks/1/keys = {
"points": PoolRealArray( 448, -0.25, 0, 0.25, 0, 108, -0.25, 0, 0.25, 0 ),
"times": PoolRealArray( 0, 0.8 )
}
tracks/2/type = "bezier"
tracks/2/path = NodePath(".:rect_scale:x")
tracks/2/interp = 1
tracks/2/loop_wrap = true
tracks/2/imported = false
tracks/2/enabled = true
tracks/2/keys = {
"points": PoolRealArray( 1, -0.25, 0, 0.25, 0, 0.875, -0.25, 0, 0.25, 0 ),
"times": PoolRealArray( 0, 0.8 )
}
tracks/3/type = "bezier"
tracks/3/path = NodePath(".:rect_scale:y")
tracks/3/interp = 1
tracks/3/loop_wrap = true
tracks/3/imported = false
tracks/3/enabled = true
tracks/3/keys = {
"points": PoolRealArray( 1, -0.25, 0, 0.25, 0, 0.875, -0.25, 0, 0.25, 0 ),
"times": PoolRealArray( 0, 0.8 )
}

[sub_resource type="Animation" id=6]
resource_name = "strike_left"
length = 0.8
tracks/0/type = "bezier"
tracks/0/path = NodePath(".:rect_position:x")
tracks/0/interp = 1
tracks/0/loop_wrap = true
tracks/0/imported = false
tracks/0/enabled = true
tracks/0/keys = {
"points": PoolRealArray( 214, -0.25, 0, 0.25, 0, 81, -0.25, 0, 0.25, 0 ),
"times": PoolRealArray( 0, 0.8 )
}
tracks/1/type = "bezier"
tracks/1/path = NodePath(".:rect_position:y")
tracks/1/interp = 1
tracks/1/loop_wrap = true
tracks/1/imported = false
tracks/1/enabled = true
tracks/1/keys = {
"points": PoolRealArray( 448, -0.25, 0, 0.25, 0, 108, -0.25, 0, 0.25, 0 ),
"times": PoolRealArray( 0, 0.8 )
}
tracks/2/type = "bezier"
tracks/2/path = NodePath(".:rect_scale:x")
tracks/2/interp = 1
tracks/2/loop_wrap = true
tracks/2/imported = false
tracks/2/enabled = true
tracks/2/keys = {
"points": PoolRealArray( 1, -0.25, 0, 0.25, 0, 0.875, -0.25, 0, 0.25, 0 ),
"times": PoolRealArray( 0, 0.8 )
}
tracks/3/type = "bezier"
tracks/3/path = NodePath(".:rect_scale:y")
tracks/3/interp = 1
tracks/3/loop_wrap = true
tracks/3/imported = false
tracks/3/enabled = true
tracks/3/keys = {
"points": PoolRealArray( 1, -0.25, 0, 0.25, 0, 0.875, -0.25, 0, 0.25, 0 ),
"times": PoolRealArray( 0, 0.8 )
}

[sub_resource type="Animation" id=12]
resource_name = "strike_right"
length = 0.8
tracks/0/type = "bezier"
tracks/0/path = NodePath(".:rect_position:x")
tracks/0/interp = 1
tracks/0/loop_wrap = true
tracks/0/imported = false
tracks/0/enabled = true
tracks/0/keys = {
"points": PoolRealArray( 214, -0.25, 0, 0.25, 0, 348, -0.25, 0, 0.25, 0 ),
"times": PoolRealArray( 0, 0.8 )
}
tracks/1/type = "bezier"
tracks/1/path = NodePath(".:rect_position:y")
tracks/1/interp = 1
tracks/1/loop_wrap = true
tracks/1/imported = false
tracks/1/enabled = true
tracks/1/keys = {
"points": PoolRealArray( 448, -0.25, 0, 0.25, 0, 108, -0.25, 0, 0.25, 0 ),
"times": PoolRealArray( 0, 0.8 )
}
tracks/2/type = "bezier"
tracks/2/path = NodePath(".:rect_scale:x")
tracks/2/interp = 1
tracks/2/loop_wrap = true
tracks/2/imported = false
tracks/2/enabled = true
tracks/2/keys = {
"points": PoolRealArray( 1, -0.25, 0, 0.25, 0, 0.875, -0.25, 0, 0.25, 0 ),
"times": PoolRealArray( 0, 0.8 )
}
tracks/3/type = "bezier"
tracks/3/path = NodePath(".:rect_scale:y")
tracks/3/interp = 1
tracks/3/loop_wrap = true
tracks/3/imported = false
tracks/3/enabled = true
tracks/3/keys = {
"points": PoolRealArray( 1, -0.25, 0, 0.25, 0, 0.875, -0.25, 0, 0.25, 0 ),
"times": PoolRealArray( 0, 0.8 )
}

[sub_resource type="DynamicFont" id=1]
size = 36
font_data = ExtResource( 3 )

[node name="Container" type="TextureRect"]
margin_right = 460.0
margin_bottom = 655.0
rect_pivot_offset = Vector2( 37, 35.5 )
expand = true
stretch_mode = 3
script = ExtResource( 2 )

[node name="Goal" type="TextureRect" parent="."]
anchor_left = 0.5
anchor_right = 0.5
margin_left = -218.5
margin_right = 218.5
margin_bottom = 232.0
texture = ExtResource( 7 )
expand = true
stretch_mode = 1

[node name="GoalKeeper" type="TextureRect" parent="Goal"]
anchor_left = 0.5
anchor_top = 0.5
anchor_right = 0.5
anchor_bottom = 0.5
margin_left = -84.5
margin_top = -67.5
margin_right = 84.5
margin_bottom = 121.5
texture = ExtResource( 9 )
expand = true
stretch_mode = 6

[node name="AnimationPlayer" type="AnimationPlayer" parent="Goal/GoalKeeper"]
anims/RESET = SubResource( 7 )
anims/move_center = SubResource( 9 )
anims/move_center_no_ball = SubResource( 13 )
anims/move_left = SubResource( 8 )
anims/move_left_no_ball = SubResource( 14 )
anims/move_right = SubResource( 10 )
anims/move_right_no_ball = SubResource( 15 )

[node name="Forward" type="Control" parent="."]
anchor_left = 0.5
anchor_right = 0.5
margin_left = -18.0
margin_top = 395.5
margin_right = 18.0
margin_bottom = 441.5
rect_pivot_offset = Vector2( 18, 69 )

[node name="Arrow1" type="TextureRect" parent="Forward"]
anchor_left = 0.5
anchor_top = 0.5
anchor_right = 0.5
anchor_bottom = 0.5
margin_left = -18.0
margin_top = 8.0
margin_right = 18.0
margin_bottom = 22.0
texture = ExtResource( 5 )
expand = true
stretch_mode = 3

[node name="Arrow2" type="TextureRect" parent="Forward"]
anchor_left = 0.5
anchor_top = 0.5
anchor_right = 0.5
anchor_bottom = 0.5
margin_left = -18.0
margin_top = -8.0
margin_right = 18.0
margin_bottom = 6.0
texture = ExtResource( 5 )
expand = true
stretch_mode = 3

[node name="Arrow3" type="TextureRect" parent="Forward"]
modulate = Color( 1, 1, 1, 0 )
anchor_left = 0.5
anchor_top = 0.5
anchor_right = 0.5
anchor_bottom = 0.5
margin_left = -18.0
margin_top = -24.0
margin_right = 18.0
margin_bottom = -10.0
texture = ExtResource( 5 )
expand = true
stretch_mode = 3

[node name="AnimationPlayer" type="AnimationPlayer" parent="Forward"]
autoplay = "roll"
anims/RESET = SubResource( 2 )
anims/roll = SubResource( 3 )

[node name="Ball" type="TextureRect" parent="."]
anchor_left = 0.5
anchor_top = 0.5
anchor_right = 0.5
anchor_bottom = 0.5
margin_left = -16.0
margin_top = 120.5
margin_right = 16.0
margin_bottom = 152.5
rect_pivot_offset = Vector2( 16, 16 )
texture = ExtResource( 6 )
expand = true
stretch_mode = 1

[node name="AnimationPlayer" type="AnimationPlayer" parent="Ball"]
autoplay = "rotate"
anims/RESET = SubResource( 4 )
anims/rotate = SubResource( 5 )
anims/strike_center = SubResource( 11 )
anims/strike_left = SubResource( 6 )
anims/strike_right = SubResource( 12 )

[node name="Attack" type="Control" parent="."]
anchor_left = 0.5
anchor_top = 0.5
anchor_right = 0.5
anchor_bottom = 0.5
margin_left = -235.0
margin_top = 155.0
margin_right = 233.0
margin_bottom = 277.0

[node name="Left" type="TextureButton" parent="Attack"]
anchor_left = 0.5
anchor_top = 0.5
anchor_right = 0.5
anchor_bottom = 0.5
margin_left = -229.5
margin_top = -51.0
margin_right = -90.5
margin_bottom = 7.0
rect_pivot_offset = Vector2( 330, -165 )
texture_normal = ExtResource( 1 )
expand = true
script = ExtResource( 4 )

[node name="Label" type="Label" parent="Attack/Left"]
anchor_right = 1.0
anchor_bottom = 1.0
margin_top = 2.0
margin_bottom = 2.0
custom_fonts/font = SubResource( 1 )
text = "LEFT"
align = 1
valign = 1
uppercase = true

[node name="Lock" type="TextureRect" parent="Attack/Left"]
visible = false
modulate = Color( 0.0666667, 1, 0, 0.921569 )
anchor_left = 0.5
anchor_top = 0.5
anchor_right = 0.5
anchor_bottom = 0.5
margin_left = -15.0
margin_top = 40.0
margin_right = 17.0
margin_bottom = 72.0
texture = ExtResource( 8 )
expand = true

[node name="Center" type="TextureButton" parent="Attack"]
anchor_left = 0.5
anchor_top = 0.5
anchor_right = 0.5
anchor_bottom = 0.5
margin_left = -69.5
margin_top = -51.0
margin_right = 69.5
margin_bottom = 7.0
rect_pivot_offset = Vector2( 172, -165 )
texture_normal = ExtResource( 1 )
expand = true
script = ExtResource( 4 )

[node name="Label" type="Label" parent="Attack/Center"]
anchor_right = 1.0
anchor_bottom = 1.0
margin_top = 2.0
margin_bottom = 2.0
custom_fonts/font = SubResource( 1 )
text = "CENTER"
align = 1
valign = 1
uppercase = true

[node name="Lock" type="TextureRect" parent="Attack/Center"]
visible = false
modulate = Color( 0.0666667, 1, 0, 0.921569 )
anchor_left = 0.5
anchor_top = 0.5
anchor_right = 0.5
anchor_bottom = 0.5
margin_left = -15.0
margin_top = 40.0
margin_right = 17.0
margin_bottom = 72.0
texture = ExtResource( 8 )
expand = true

[node name="Right" type="TextureButton" parent="Attack"]
anchor_left = 0.5
anchor_top = 0.5
anchor_right = 0.5
anchor_bottom = 0.5
margin_left = 90.5
margin_top = -51.0
margin_right = 229.5
margin_bottom = 7.0
rect_pivot_offset = Vector2( 14, -165 )
texture_normal = ExtResource( 1 )
expand = true
script = ExtResource( 4 )

[node name="Label" type="Label" parent="Attack/Right"]
anchor_right = 1.0
anchor_bottom = 1.0
margin_top = 2.0
margin_bottom = 2.0
custom_fonts/font = SubResource( 1 )
text = "RIGHT"
align = 1
valign = 1
uppercase = true

[node name="Lock" type="TextureRect" parent="Attack/Right"]
visible = false
modulate = Color( 0.0666667, 1, 0, 0.921569 )
anchor_left = 0.5
anchor_top = 0.5
anchor_right = 0.5
anchor_bottom = 0.5
margin_left = -15.0
margin_top = 40.0
margin_right = 17.0
margin_bottom = 72.0
texture = ExtResource( 8 )
expand = true

[node name="Defend" type="Control" parent="."]
anchor_left = 0.5
anchor_top = 0.5
anchor_right = 0.5
anchor_bottom = 0.5
margin_left = -235.0
margin_top = -95.0
margin_right = 233.0
margin_bottom = 27.0

[node name="Left" type="TextureButton" parent="Defend"]
anchor_left = 0.5
anchor_top = 0.5
anchor_right = 0.5
anchor_bottom = 0.5
margin_left = -229.5
margin_top = -51.0
margin_right = -90.5
margin_bottom = 7.0
rect_pivot_offset = Vector2( 330, -165 )
texture_normal = ExtResource( 1 )
expand = true
script = ExtResource( 4 )

[node name="Label" type="Label" parent="Defend/Left"]
anchor_right = 1.0
anchor_bottom = 1.0
margin_top = 2.0
margin_bottom = 2.0
custom_fonts/font = SubResource( 1 )
text = "LEFT"
align = 1
valign = 1
uppercase = true

[node name="Lock" type="TextureRect" parent="Defend/Left"]
visible = false
modulate = Color( 1, 0, 0, 0.921569 )
anchor_left = 0.5
anchor_top = 0.5
anchor_right = 0.5
anchor_bottom = 0.5
margin_left = -15.0
margin_top = 40.0
margin_right = 17.0
margin_bottom = 72.0
texture = ExtResource( 8 )
expand = true

[node name="Center" type="TextureButton" parent="Defend"]
anchor_left = 0.5
anchor_top = 0.5
anchor_right = 0.5
anchor_bottom = 0.5
margin_left = -69.5
margin_top = -51.0
margin_right = 69.5
margin_bottom = 7.0
rect_pivot_offset = Vector2( 172, -165 )
texture_normal = ExtResource( 1 )
expand = true
script = ExtResource( 4 )

[node name="Label" type="Label" parent="Defend/Center"]
anchor_right = 1.0
anchor_bottom = 1.0
margin_top = 2.0
margin_bottom = 2.0
custom_fonts/font = SubResource( 1 )
text = "CENTER"
align = 1
valign = 1
uppercase = true

[node name="Lock" type="TextureRect" parent="Defend/Center"]
visible = false
modulate = Color( 1, 0.0470588, 0, 0.921569 )
anchor_left = 0.5
anchor_top = 0.5
anchor_right = 0.5
anchor_bottom = 0.5
margin_left = -15.0
margin_top = 40.0
margin_right = 17.0
margin_bottom = 72.0
texture = ExtResource( 8 )
expand = true

[node name="Right" type="TextureButton" parent="Defend"]
anchor_left = 0.5
anchor_top = 0.5
anchor_right = 0.5
anchor_bottom = 0.5
margin_left = 90.5
margin_top = -51.0
margin_right = 229.5
margin_bottom = 7.0
rect_pivot_offset = Vector2( 14, -165 )
texture_normal = ExtResource( 1 )
expand = true
script = ExtResource( 4 )

[node name="Label" type="Label" parent="Defend/Right"]
anchor_right = 1.0
anchor_bottom = 1.0
margin_top = 2.0
margin_bottom = 2.0
custom_fonts/font = SubResource( 1 )
text = "RIGHT"
align = 1
valign = 1
uppercase = true

[node name="Lock" type="TextureRect" parent="Defend/Right"]
visible = false
modulate = Color( 1, 0, 0, 0.921569 )
anchor_left = 0.5
anchor_top = 0.5
anchor_right = 0.5
anchor_bottom = 0.5
margin_left = -15.0
margin_top = 40.0
margin_right = 17.0
margin_bottom = 72.0
texture = ExtResource( 8 )
expand = true

[connection signal="animation_finished" from="Ball/AnimationPlayer" to="." method="_on_AnimationPlayer_animation_finished"]
[connection signal="button_up" from="Attack/Left" to="." method="_on_Left_button_up"]
[connection signal="button_up" from="Attack/Center" to="." method="_on_Center_button_up"]
[connection signal="button_up" from="Attack/Right" to="." method="_on_Right_button_up"]
[connection signal="button_up" from="Defend/Left" to="." method="_on_Left_button_up"]
[connection signal="button_up" from="Defend/Center" to="." method="_on_Center_button_up"]
[connection signal="button_up" from="Defend/Right" to="." method="_on_Right_button_up"]
